<?xml version="1.0" encoding="UTF-8"?><collection xmlns="http://www.loc.gov/MARC21/slim"><record><leader>00395nam--2200145-i-4500</leader><controlfield tag="001">000039044</controlfield><controlfield tag="002">20161230</controlfield><controlfield tag="005">20170128191950</controlfield><controlfield tag="008">060222s1000------------r-----000-0-eng-d</controlfield><datafield ind1=" " ind2=" " tag="100"><subfield code="a">Richter, Heinz</subfield></datafield><datafield ind1=" " ind2=" " tag="245"><subfield code="a">Radioakt©Ưv sug©Łrz©Łsok elektronikus m©♭r¿m¿łszerei</subfield></datafield><datafield ind1=" " ind2=" " tag="260"><subfield code="a">Budapest</subfield><subfield code="b">M¿łszaki K©œnyvkiad©đ</subfield><subfield code="c">1958</subfield></datafield><datafield ind1=" " ind2=" " tag="300"><subfield code="a">188 p. + 36 Fig</subfield></datafield><datafield ind1=" " ind2=" " tag="852"><subfield code="a">5960</subfield></datafield><datafield ind1=" " ind2=" " tag="CAT"><subfield code="a">SYS</subfield><subfield code="c">20170128</subfield><subfield code="h">191950</subfield></datafield></record></collection>